-5180
-4563
-4288
-4114
-3965
-4004
-4208
-4359
-4488
-4717
-5025
-5050
-4973
-4991
-5035
-4978
-4585
-4236
-3919
-3700
-3682
-3664
-3564
-3454
-3626
-4078
-4681
-5398
-6457
-7457
-8246
-8845
-9055
-8947
-8698
-8041
-7047
-6217
-5599
-4886
-4156
-3711
-3734
-4180
-4936
-5590
-6270
-6918
-7224
-7355
-7309
-6797
-6051
-5031
-4014
-3324
-2688
-2222
-2055
-2108
-2495
-3272
-4021
-4684
-5282
-5505
-5564
-5334
-4910
-4348
-3858
-3233
-2804
-2558
-2617
-3159
-3746
-4481
-5174
-5577
-5665
-5263
-4456
-3451
-2347
-1554
-1343
-1770
-2939
-4501
-6282
-8291
-10391
-11776
-12199
-11822
-10713
-9226
-7500
-6111
-5255
-4758
-4996
-5932
-7432
-9356
-11116
-12362
-13118
-13273
-12420
-10774
-8399
-5726
-3412
-1278
231
913
922
250
-944
-2222
-3912
-5573
-6665
-6991
-6152
-4266
-1807
1107
3911
5970
7018
7105
6296
4510
2279
-76
-2351
-4480
-6047
-6706
-6273
-5010
-3622
-1947
-320
886
1271
805
-339
-1973
-3949
-6118
-8083
-9560
-10478
-10768
-10109
-8634
-6982
-5495
-4284
-3573
-3378
-3660
-4382
-5617
-7158
-9015
-10695
-11878
-12338
-12156
-11583
-10836
-9618
-7857
-6443
-5524
-4981
-4973
-5428
-6202
-7221
-8652
-10135
-11235
-11939
-12178
-11753
-11082
-10171
-8982
-7687
-6601
-5666
-4800
-4235
-4087
-3996
-4022
-4071
-3958
-3940
-3791
-3461
-2775
-2133
-1603
-1180
-833
-531
-402
-369
-644
-1007
-1432
-1548
-1641
-1795
-1838
-1881
-1952
-1858
-1771
-1883
-2123
-2387
-2441
-2554
-2758
-2941
-3299
-3822
-4326
-4838
-5518
-6211
-6682
-6844
-6817
-6573
-6100
-5431
-4710
-4024
-3457
-3098
-2988
-3139
-3590
-4352
-5328
-6384
-7354
-7850
-8237
-8357
-8169
-7676
-6862
-6010
-5209
-4757
-4310
-3930
-3815
-4226
-4622
-5036
-5321
-5562
-5832
-5596
-5047
-4283
-3626
-2774
-1754
-844
-35
578
1140
1522
1626
1501
1414
1168
499
-353
-1387
-2648
-3822
-4464
-4300
-3226
-1718
95
1980
3615
4898
5546
5540
4574
2921
1100
-892
-2669
-3673
-3735
-3008
-1609
325
2439
4252
5584
6428
6549
5871
4502
3030
1555
132
-1021
-1570
-1285
-151
1678
3673
5487
6718
7334
7489
7336
7135
6733
6505
6599
6998
7286
7294
7130
6804
6234
5328
4102
2879
1737
766
222
18
54
612
1723
2845
3925
4798
5084
4838
4206
3316
2187
799
-475
-1600
-2285
-2338
-2100
-1594
-964
-255
523
1140
1282
1309
1091
466
-341
-1408
-2518
-3322
-3871
-4152
-4274
-4198
-4052
-3847
-3475
-3255
-3273
-3404
-3402
-3501
-3808
-4221
-4353
-4410
-4602
-4714
-4464
-4012
-3540
-3323
-3209
-3162
-3202
-3283
-3396
-3658
-4028
-4124
-4121
-3996
-3744
-3356
-2671
-2075
-1589
-1195
-861
-791
-802
-879
-1132
-1372
-1811
-2390
-2709
-2905
-3017
-2938
-2751
-2658
-2473
-2142
-1740
-1494
-1332
-1335
-1664
-2212
-2959
-3846
-5015
-6377
-7716
-9052
-9914
-10280
-10237
-9876
-9284
-8462
-7525
-6433
-5382
-4840
-4607
-4759
-5238
-6065
-7160
-8073
-8974
-9586
-9981
-10078
-9696
-8963
-8123
-7240
-6592
-6005
-5509
-5454
-5540
-5920
-6364
-6952
-7733
-8246
-8427
-8301
-7949
-7480
-7000
-6493
-5790
-5062
-4443
-4080
-3757
-3397
-3249
-3079
-3028
-2913
-2689
-2443
-2019
-1471
-1122
-901
-494
-239
-132
-273
-555
-648
-768
-1058
-1124
-1114
-1227
-1293
-1352
-1187
-1109
-1099
-1081
-1207
-1421
-1634
-1854
-2074
-2260
-2464
-2749
-2878
-2930
-2952
-2843
-2679
-2411
-2218
-2039
-2081
-2223
-2548
-2973
-3524
-4215
-4467
-3971
-2854
-1609
-361
615
1153
1067
387
-809
-2321
-3988
-5596
-6783
-7625
-7988
-7851
-7159
-5954
-4413
-2952
-2026
-1453
-1420
-1923
-2929
-4244
-5739
-7309
-8428
-9177
-9336
-9029
-8029
-6611
-5332
-4203
-3191
-2495
-2209
-2436
-3012
-4008
-5346
-6590
-7421
-8090
-8369
-8131
-7545
-6684
-5705
-4697
-3762
-3130
-2727
-2880
-3324
-3983
-4593
-5233
-6054
-6779
-7076
-6930
-6623
-6187
-5635
-5066
-4681
-4514
-4523
-4503
-4735
-5013
-5463
-5950
-6386
-6611
-6664
-6514
-6262
-5784
-5463
-5399
-5228
-5257
-5357
-5379
-5568
-5830
-6372
-6689
-6820
-6953
-6809
-6556
-6045
-5605
-5227
-4966
-4863
-4856
-4912
-4969
-5105
-5413
-6020
-6812
-7705
-8672
-9425
-10122
-10800
-11094
-10942
-10431
-9786
-8978
-8090
-7098
-6132
-5414
-5134
-5255
-5700
-6532
-7412
-8348
-8909
-9341
-9510
-9295
-8795
-7949
-6730
-5586
-4617
-3807
-3391
-3162
-3244
-3591
-4187
-4830
-5266
-5541
-5810
-5891
-5543
-5097
-4567
-3933
-3103
-2371
-1939
-1482
-1037
-861
-954
-1077
-1248
-1411
-1517
-1480
-1332
-1172
-972
-476
51
448
716
964
1226
1351
1162
928
828
748
587
618
685
620
552
457
349
272
71
-110
-193
-359
-519
-732
-793
-882
-979
-951
-810
-642
-387
-219
53
231
83
-189
-636
-1243
-1891
-1947
-1483
-574
687
2157
3584
4450
4688
4263
3466
2345
1047
-340
-1659
-2810
-3463
-3417
-2713
-1659
-229
986
1867
2574
2900
2821
2083
806
-502
-1960
-3151
-3941
-4213
-3992
-3363
-2398
-1163
-45
906
1365
1531
1358
880
71
-962
-2241
-3393
-4056
-4431
-4284
-3795
-3120
-2152
-1161
-461
12
294
95
-563
-1252
-1956
-2629
-3303
-3928
-4508
-4570
-4323
-3905
-3463
-2883
-2230
-1858
-1729
-1792
-2034
-2351
-2868
-3300
-3487
-3647
-3711
-3610
-3494
-3314
-3059
-2659
-2315
-1952
-1823
-1977
-2159
-2490
-2848
-3204
-3259
-3187
-3289
-3220
-2965
-2703
-2708
-2598
-2356
-2193
-2068
-2087
-2246
-2341
-2642
-3117
-3771
-4522
-5477
-6497
-7311
-7849
-7948
-7691
-7203
-6442
-5441
-4349
-3490
-3043
-2896
-2889
-3168
-3885
-4802
-5607
-6266
-6811
-7243
-7329
-6816
-6122
-5282
-4287
-3328
-2500
-2013
-1802
-1789
-2007
-2520
-3244
-3869
-4289
-4368
-4350
-4233
-4008
-3584
-2844
-2029
-1427
-929
-471
-123
-30
-96
-281
-511
-693
-746
-668
-418
-195
59
223
621
944
1200
1578
1752
1862
1929
1934
1852
1606
1443
1394
1379
1293
1204
1111
1112
1156
1267
1098
662
293
183
51
-82
-40
-45
-104
-125
16
88
76
52
106
180
-45
-483
-1036
-1506
-1713
-1525
-699
443
1750
3177
4386
4737
4482
3653
2497
1222
-202
-1594
-2768
-3547
-3867
-3599
-2675
-1334
-69
1068
2099
2563
2193
1498
553
-779
-2180
-3550
-4542
-5031
-5084
-4675
-3844
-2730
-1559
-364
416
681
542
-17
-761
-1812
-3101
-4215
-4991
-5509
-5506
-5094
-4448
-3781
-2884
-2021
-1420
-1041
-1045
-1230
-1861
-2614
-3467
-4334
-5116
-5810
-5953
-5727
-5313
-4777
-4235
-3760
-3418
-3248
-3182
-3256
-3570
-3917
-4257
-4681
-5118
-5291
-5096
-4903
-4699
-4430
-4053
-3719
-3486
-3531
-3718
-3842
-3993
-4166
-4466
-4800
-4825
-4747
-4792
-4798
-4795
-4553
-4232
-3929
-3737
-3755
-3738
-3629
-3735
-4137
-4815
-5499
-6414
-7468
-8323
-9046
-9508
-9813
-9824
-9206
-8450
-7518
-6571
-5639
-4830
-4505
-4520
-4926
-5436
-5965
-6607
-7341
-8027
-8576
-8791
-8690
-8185
-7221
-6139
-4892
-3955
-3534
-3220
-3131
-3474
-3883
-4470
-4856
-5096
-5469
-5728
-5611
-5224
-4816
-4244
-3368
-2552
-1809
-1525
-1386
-1318
-1247
-1266
-1366
-1612
-1716
-1728
-1643
-1290
-926
-490
-60
265
590
816
978
1024
999
907
783
760
694
615
632
619
646
615
586
585
618
600
385
242
96
-257
-518
-658
-551
-365
-241
-192
-223
-198
-208
-63
68
-5
-487
-1217
-2136
-3068
-3438
-3286
-2559
-1392
-165
1052
1746
1986
1676
952
173
-676
-1726
-2632
-3143
-3272
-3025
-2192
-1028
57
1090
1872
2055
1700
974
204
-739
-1978
-3068
-3978
-4522
-4406
-3790
-2870
-1597
-424
594
1328
1710
1774
1389
591
-390
-1327
-2223
-2967
-3435
-3281
-2786
-2156
-1589
-735
380
1161
1405
1410
1192
699
-71
-975
-1669
-2224
-2716
-2990
-2790
-2491
-1976
-1389
-927
-523
-337
-220
-47
-247
-807
-1489
-2164
-2589
-2993
-3259
-3400
-3313
-3122
-2750
-2395
-2118
-2144
-2355
-2460
-2636
-2872
-3093
-3412
-3617
-3699
-3691
-3632
-3545
-3341
-3186
-3141
-2989
-2719
-2579
-2592
-2811
-3098
-3582
-4331
-5194
-6072
-6657
-7096
-7714
-8118
-8204
-7928
-7300
-6463
-5586
-4705
-3936
-3350
-3073
-3121
-3428
-4203
-5097
-5869
-6408
-6749
-6990
-6722
-6106
-5192
-4061
-3194
-2293
-1612
-1180
-818
-694
-914
-1604
-2281
-2662
-2987
-3184
-3114
-2855
-2224
-1636
-1095
-442
168
718
995
1256
1419
1277
1010
791
692
659
749
935
987
1117
1508
2027
2519
2687
2627
2802
3031
3072
2776
2460
2321
2255
2220
2029
1857
1814
1892
1960
1796
1586
1386
1276
1137
895
829
872
724
508
400
587
702
849
1075
1099
890
857
797
520
354
515
1233
2327
3484
4904
6288
7173
7698
7747
6915
5427
3386
1248
-677
-2342
-3722
-4332
-3980
-2861
-1208
833
2848
4413
5402
5764
5545
4377
2722
1017
-724
-2372
-3801
-4732
-4833
-4029
-2905
-1615
-64
1098
1890
2287
2347
1835
709
-718
-2150
-3377
-4365
-5178
-5353
-4886
-4114
-3097
-2115
-1202
-519
-202
-23
-233
-804
-1461
-2270
-3102
-3731
-4393
-4888
-4883
-4551
-4158
-3882
-3662
-3445
-3234
-3016
-2874
-2981
-3226
-3395
-3571
-3546
-3415
-3311
-3099
-2615
-2046
-1702
-1477
-1438
-1509
-1534
-1543
-1802
-2153
-2405
-2481
-2437
-2316
-2154
-1831
-1573
-1223
-893
-767
-652
-603
-613
-721
-1060
-1653
-2272
-3073
-4093
-5032
-5919
-6547
-6938
-6913
-6598
-6028
-5185
-4249
-3223
-2270
-1673
-1619
-1862
-2187
-2666
-3534
-4529
-5534
-6366
-6640
-6493
-6242
-5554
-4675
-3885
-3171
-2459
-1872
-1447
-1593
-1999
-2486
-3148
-3847
-4426
-4850
-4837
-4626
-4298
-3805
-3015
-2141
-1502
-1044
-735
-326
-137
-313
-396
-496
-597
-673
-733
-752
-399
122
508
890
1326
1717
1925
2067
2217
2276
2215
2067
2009
2004
2078
2054
1988
2005
2060
1966
2004
2059
1943
1645
1437
1297
1138
1089
1132
1146
1112
1208
1233
1185
1231
1449
1602
1660
1628
1187
477
-310
-836
-1030
-797
56
1170
2166
3186
3712
3696
2993
1725
449
-682
-1787
-2849
-3392
-3290
-2616
-1440
2
1309
2369
3098
3443
3367
2842
1739
244
-1481
-3026
-4085
-4515
-4552
-3984
-2863
-1645
-310
744
1592
2184
2235
2008
1399
439
-624
-1629
-2551
-3126
-3036
-2561
-1988
-1182
-189
638
1388
1992
2177
1870
1246
511
-306
-1021
-1696
-2017
-2174
-2239
-2105
-1537
-816
-241
233
530
763
773
513
81
-344
-795
-1056
-1313
-1453
-1485
-1593
-1342
-953
-899
-946
-1019
-1216
-1274
-1296
-1754
-2236
-2466
-2467
-2447
-2451
-2361
-2261
-2148
-2182
-2186
-2176
-2034
-1821
-1957
-2078
-2344
-3079
-3811
-4543
-5603
-6592
-7334
-7910
-7949
-7648
-6978
-6352
-5899
-5276
-4248
-3310
-2795
-2590
-2698
-3217
-4044
-4907
-5541
-6125
-6487
-6579
-6249
-5614
-4785
-3748
-2653
-1674
-974
-504
-291
-369
-632
-1085
-1611
-2197
-2692
-2733
-2551
-2171
-1655
-1001
-112
696
1296
1720
1978
2236
2402
2393
2334
2107
1934
1824
1752
2051
2400
2732
2974
3241
3488
3618
3751
3968
3995
3894
3671
3542
3346
3281
3402
3296
3323
3314
3192
3107
3139
3042
2700
2380
2198
2071
1997
1934
1809
1711
1813
1900
1927
2038
2150
2169
2084
1999
1716
1291
686
112
117
792
1961
3353
4704
5827
6470
6573
5945
4931
3696
2421
1161
-119
-901
-1021
-854
-212
868
2252
3423
4285
4823
4891
4467
3700
2726
1440
-58
-1203
-1810
-1845
-1511
-792
232
1204
2186
2954
3429
3517
3279
2716
1829
736
-427
-1346
-1881
-2005
-1850
-1428
-685
179
1076
1750
2144
2337
2208
1722
913
93
-624
-1259
-1757
-2160
-2201
-1966
-1688
-1259
-633
-208
70
232
131
-249
-606
-1037
-1359
-1608
-1941
-2070
-1932
-1638
-1379
-1114
-685
-446
-365
-463
-613
-662
-881
-1188
-1477
-1658
-1551
-1483
-1624
-1498
-1246
-898
-776
-741
-612
-315
-215
-306
-530
-966
-1610
-2563
-3465
-4367
-5165
-5689
-6019
-6046
-5755
-5246
-4307
-3508
-2737
-1992
-1327
-908
-1109
-1800
-2441
-3064
-3860
-4580
-5099
-5396
-5177
-4696
-3938
-2948
-2070
-1146
-488
-149
-116
-160
-304
-810
-1495
-2064
-2533
-2673
-2657
-2563
-2132
-1519
-876
-223
382
897
1218
1339
1348
1380
1294
1106
942
878
934
1135
1402
1561
1824
2142
2440
2729
3095
3212
3080
2986
2876
2881
2600
2275
2430
2463
2479
2646
2741
2739
2578
2452
2157
1946
1737
1659
1513
1346
1251
1329
1584
1722
1855
1915
2007
2062
1990
2081
2019
1345
584
17
-177
15
1050
2642
4180
5402
6154
6333
6021
5137
3862
2422
1002
-270
-1233
-1801
-1945
-1283
-22
1349
2600
3553
4166
4342
4097
3353
2216
867
-606
-1709
-2495
-2948
-2942
-2389
-1354
-186
1047
1949
2365
2465
2314
1882
1112
-22
-997
-1780
-2608
-3080
-3110
-2641
-1815
-828
62
656
1123
1435
1444
1173
550
-235
-1067
-1853
-2440
-2848
-2780
-2432
-2065
-1751
-1435
-846
-290
-33
-57
-350
-776
-1236
-1755
-2019
-2053
-2015
-1798
-1676
-1562
-1293
-977
-657
-153
151
144
-71
-413
-796
-1280
-1484
-1642
-1674
-1592
-1253
-929
-868
-849
-672
-505
-343
-425
-530
-547
-860
-1517
-2217
-3030
-4139
-5090
-5791
-6114
-6159
-6099
-5716
-4979
-3980
-2877
-2074
-1648
-1288
-1236
-1476
-2050
-2810
-3631
-4353
-4857
-5173
-5112
-4737
-4116
-3168
-2242
-1302
-541
-132
84
-14
-220
-699
-1179
-1472
-1801
-2162
-2319
-2375
-2027
-1361
-607
126
676
1252
1713
1890
2033
2131
2120
2073
1782
1527
1680
1826
1999
2359
2922
3265
3330
3600
3956
4096
3993
3902
3837
3745
3524
3548
3640
3676
3529
3344
3291
3205
3208
3129
3078
2886
2653
2507
2390
2225
2171
2247
2486
2484
2475
2374
2282
2535
2779
2651
2361
1826
1198
754
548
711
1564
2759
4198
5582
6501
6934
6787
6016
5006
3730
2298
866
-329
-1093
-1169
-699
191
1399
2695
3847
4671
4999
4943
4434
3526
2202
697
-537
-1509
-1972
-1993
-1523
-677
352
1431
2447
3158
3482
3500
3168
2310
1383
300
-688
-1322
-1711
-1719
-1469
-875
-6
750
1444
2133
2468
2451
2101
1580
1094
317
-486
-1063
-1565
-1821
-1547
-1145
-868
-474
47
410
653
875
789
459
-26
-523
-789
-1049
-1283
-1311
-1132
-855
-462
-71
117
222
299
356
212
30
-194
-236
-451
-718
-847
-709
-439
-118
36
243
376
195
180
510
585
257
-288
-929
-1626
-2349
-3209
-3929
-4709
-5216
-5520
-5410
-4943
-4583
-3924
-2938
-1843
-1001
-639
-593
-850
-1402
-2027
-2674
-3374
-3921
-4451
-4746
-4469
-3722
-2767
-2051
-1172
-205
391
612
706
511
182
-288
-857
-1282
-1619
-1778
-1775
-1579
-1036
-312
439
996
1479
1890
2130
2199
2022
1709
1377
1065
994
1222
1553
1939
2345
2655
2769
2681
2243
1535
936
389
-6
-69
327
988
1720
2577
3292
3675
3831
3609
3103
2333
1457
618
-53
-355
-22
687
1593
2911
4250
5328
6016
6481
6677
6361
5417
4415
3495
2902
2472
2143
2043
2545
3690
5343
7020
8409
9512
9991
9930
9261
7990
6400
4632
3040
1756
802
454
624
1354
2447
3703
4812
5600
5930
5839
5223
4180
3082
1761
340
-855
-1690
-2159
-2089
-1409
-519
357
1297
2068
2490
2542
2392
2088
1343
249
-1073
-2002
-2810
-3377
-3470
-3149
-2480
-1711
-873
-114
375
760
943
698
171
-571
-1216
-1719
-2275
-2645
-2579
-2242
-1676
-996
-404
89
608
976
1077
1075
891
657
342
55
-75
16
265
633
1036
1460
1798
1972
2141
2145
1882
1569
1364
1349
1239
957
639
576
819
998
1192
1271
1330
1338
1260
1232
1249
1194
1092
736
246
-512
-1310
-2300
-3071
-3761
-4432
-4830
-4850
-4571
-4190
-3563
-2905
-2179
-1584
-1121
-919
-1084
-1537
-2086
-2798
-3719
-4557
-5011
-5222
-5091
-4666
-4010
-3209
-2353
-1662
-1040
-704
-598
-799
-1265
-1936
-2607
-3121
-3713
-4206
-4300
-4059
-3524
-2875
-2202
-1637
-1245
-747
-165
156
128
-219
-595
-968
-1265
-1521
-1734
-1966
-1821
-1407
-909
-321
525
1240
1651
1736
1539
998
332
-201
-754
-1208
-1490
-1575
-1257
-752
-107
375
592
788
670
187
-286
-854
-1646
-2339
-2963
-3463
-3419
-3162
-2775
-2285
-1788
-1471
-1224
-1344
-1723
-2535
-3877
-5179
-6028
-5980
-5218
-3936
-2056
-299
939
1506
1319
426
-892
-2547
-4291
-6002
-7401
-8146
-8154
-7593
-6384
-4676
-3008
-1523
-471
-86
-56
-615
-1885
-3365
-4980
-6395
-7350
-7817
-7601
-6739
-5341
-3850
-2460
-1217
-324
258
238
-182
-1043
-2192
-3359
-4161
-4732
-5081
-4909
-4329
-3505
-2459
-1208
-121
464
806
814
559
80
-538
-1168
-1773
-2398
-2767
-2835
-2764
-2328
-1674
-951
-494
-192
223
427
116
-437
-813
-1118
-1259
-1406
-1728
-1741
-1357
-980
-632
-302
-140
83
267
197
-20
-351
-601
-959
-1173
-1198
-914
-836
-811
-478
-141
25
164
370
568
639
602
490
358
-51
-741
-1574
-2383
-3060
-3755
-4126
-4047
-3573
-2831
-1970
-1071
-71
807
1355
1714
1911
1613
1125
514
-204
-767
-1254
-1353
-1059
-547
252
1080
1915
2617
3333
4000
4447
4503
4052
3421
2758
2243
1745
1290
1109
1375
1745
2115
2658
3133
3570
4035
4356
4328
4163
4005
3733
3324
2838
2667
2541
2491
2612
2872
3271
3613
3756
3690
3657
3628
3610
3501
3376
3310
3097
2848
2664
2757
2839
2789
2781
2818
2784
2622
2313
2152
2074
1937
1657
1564
1650
1688
1609
1690
1909
2063
2033
2137
2175
2202
2030
1560
852
330
-82
-53
692
1974
3490
4868
5839
6165
6080
5626
4791
3657
2308
1103
188
-286
-369
62
972
2343
3831
4945
5646
5931
5666
4880
3890
2917
1870
805
-62
-556
-469
40
891
1851
2979
4049
4713
5147
5156
4752
3878
2761
1866
932
0
-444
-288
128
784
1656
2506
3232
3726
4148
4112
3757
3319
2574
1790
1059
353
41
70
284
681
1121
1433
1883
2324
2516
2653
2559
2301
1789
1232
831
633
619
600
819
1084
1234
1570
1958
2131
2273
2352
2200
1870
1600
1361
1204
1111
1190
1395
1712
2029
2174
2118
2118
2211
2495
2836
2906
2725
2222
1644
1093
466
-324
-1065
-1658
-2233
-2454
-2483
-2057
-1197
-486
155
953
1695
2229
2406
2314
1792
1022
331
-343
-1042
-1517
-1617
-1082
-450
212
1120
1948
2667
3173
3195
3103
2930
2417
1749
1069
450
-186
-552
-487
-80
342
727
1178
1509
1873
2240
2288
2160
1969
1635
1160
737
362
282
334
468
776
1031
1230
1375
1540
1599
1609
1529
1296
1146
1024
988
858
536
480
519
468
543
608
561
292
15
-7
10
-260
-607
-779
-905
-1004
-959
-975
-993
-724
-623
-617
-709
-821
-772
-1062
-1598
-2214
-2397
-2158
-1547
-382
1199
2695
3713
4316
4346
3769
2559
1053
-533
-2078
-3316
-4130
-4396
-4211
-3418
-2184
-609
934
2167
2817
2843
2373
1418
176
-1278
-2843
-4193
-4987
-5199
-4914
-4034
-2977
-1775
-531
402
1108
1216
886
446
-436
-1651
-2756
-3777
-4392
-4553
-4434
-3977
-3202
-2196
-1133
-341
143
461
343
-94
-611
-1326
-2024
-2624
-3051
-3369
-3425
-3336
-2900
-2254
-1688
-1346
-989
-815
-845
-877
-1096
-1419
-1782
-2006
-2137
-2266
-2149
-1779
-1391
-978
-476
-96
-16
-160
-386
-578
-633
-670
-781
-906
-1036
-895
-602
-362
-88
285
620
743
728
743
705
753
508
20
-559
-1272
-2007
-2885
-3756
-4358
-4573
-4392
-4087
-3601
-2756
-1734
-851
-223
418
877
781
370
-217
-950
-1698
-2351
-2959
-3181
-2840
-2175
-1509
-636
331
1035
1521
1871
2026
1834
1303
637
-63
-697
-1215
-1273
-1252
-1333
-1123
-604
134
712
1094
1398
1578
1571
1419
1245
939
527
291
94
52
178
338
573
875
1230
1544
1613
1576
1596
1668
1687
1515
1449
1379
1172
945
858
1032
1236
1259
1159
1124
937
729
412
227
198
122
106
13
-141
-255
-106
272
358
338
352
314
325
316
1
-422
-571
-199
337
