-5170
-4738
-4425
-4336
-4210
-4304
-4437
-4518
-4588
-4676
-4780
-5089
-5380
-5488
-5246
-4919
-4765
-4536
-4268
-4016
-3912
-3811
-3702
-3775
-4021
-4424
-5166
-5841
-6542
-7406
-8195
-8779
-9046
-9003
-8578
-8029
-7399
-6633
-5811
-4923
-4063
-3716
-3760
-4097
-4678
-5385
-6088
-6705
-7030
-7228
-7183
-6528
-5444
-4495
-3648
-2701
-1923
-1562
-1555
-1842
-2184
-2824
-3367
-3903
-4237
-4450
-4638
-4656
-4400
-3848
-3244
-2577
-2089
-2007
-2190
-2367
-2831
-3654
-4466
-4925
-4828
-4591
-4164
-3212
-1970
-1070
-806
-1325
-2531
-4072
-5901
-7924
-9829
-11246
-11722
-11582
-10742
-9251
-7661
-6295
-5517
-5086
-5150
-5946
-7465
-9254
-11170
-12664
-13442
-13343
-12457
-10957
-8520
-5714
-3167
-1124
329
1051
976
404
-645
-2068
-3669
-5209
-6181
-6134
-5193
-3272
-586
2263
5025
7026
7930
7730
6511
4639
2364
-292
-3017
-5302
-6779
-7241
-6729
-5486
-3678
-1657
155
1483
2011
1595
445
-1278
-3467
-5853
-8006
-9767
-10915
-11156
-10601
-9344
-7466
-5698
-4322
-3355
-3028
-3402
-4245
-5567
-7300
-9032
-10601
-11963
-12881
-13079
-12757
-11956
-10487
-8861
-7550
-6597
-5980
-5700
-5812
-6588
-7744
-9115
-10506
-11470
-12083
-12382
-12343
-11894
-10849
-9725
-8508
-7514
-6607
-5675
-4796
-4363
-4242
-4367
-4512
-4548
-4393
-3957
-3486
-2974
-2412
-1879
-1349
-911
-547
-522
-618
-753
-930
-1198
-1585
-1800
-1867
-1877
-1834
-1542
-1359
-1232
-1320
-1711
-2042
-2247
-2401
-2561
-2924
-3342
-3617
-4203
-5082
-5848
-6374
-6771
-7025
-6958
-6719
-6193
-5455
-4799
-4248
-3610
-2953
-2721
-3171
-3848
-4717
-5506
-6263
-7056
-7773
-8263
-8605
-8472
-7930
-7061
-6110
-5431
-4901
-4483
-4064
-4012
-4308
-4896
-5492
-6026
-6204
-6151
-5964
-5561
-4897
-4178
-3242
-2185
-1272
-578
-83
419
834
1173
1452
1540
1306
635
-369
-1594
-2742
-3783
-4591
-4809
-3836
-2017
7
1861
3393
4579
5273
5243
4340
2870
1178
-649
-2486
-3819
-4087
-3373
-1978
-18
2117
3860
5196
6106
6394
5863
4745
3188
1385
-209
-1273
-1639
-1348
-274
1440
3385
5191
6587
7411
7737
7812
7865
7847
7705
7537
7579
7569
7410
7065
6469
5545
4596
3462
2095
1050
269
-243
-316
34
821
1849
2954
3947
4579
4750
4762
4261
3228
1801
497
-519
-1399
-2220
-2431
-2302
-1941
-1344
-641
28
496
721
617
245
-369
-1225
-2221
-3032
-3502
-3990
-4423
-4761
-4811
-4616
-4289
-3979
-3784
-3714
-3691
-3957
-4260
-4515
-4846
-5014
-5129
-5206
-5191
-4930
-4454
-4110
-3914
-3878
-3878
-3966
-4127
-4196
-4335
-4334
-4289
-4228
-4104
-3902
-3471
-2790
-2101
-1527
-1021
-904
-849
-766
-887
-1184
-1593
-2045
-2587
-2810
-2777
-2624
-2530
-2533
-2307
-2057
-2019
-1949
-1653
-1410
-1230
-1418
-2056
-2996
-3889
-4927
-6317
-7870
-9227
-10128
-10504
-10561
-10405
-9728
-8755
-7577
-6444
-5610
-5013
-4793
-5037
-5695
-6494
-7340
-8366
-9250
-9945
-10366
-10388
-9987
-9704
-8945
-7798
-6791
-6250
-6023
-5814
-5744
-6215
-7010
-7603
-8127
-8561
-8936
-8971
-8495
-8129
-7727
-7177
-6193
-5266
-4553
-4164
-3960
-3825
-3636
-3435
-3488
-3515
-3358
-3155
-2787
-2228
-1749
-1246
-895
-695
-527
-578
-811
-1059
-1216
-1304
-1465
-1724
-1823
-1885
-1876
-1752
-1654
-1644
-1601
-1591
-1759
-2050
-2318
-2561
-2923
-3354
-3547
-3445
-3338
-3433
-3568
-3445
-3069
-2824
-2512
-2473
-2581
-2971
-3566
-4135
-4671
-4673
-4368
-3618
-2277
-863
189
769
732
-114
-1405
-2869
-4459
-6021
-7387
-8354
-8762
-8440
-7671
-6433
-5044
-3718
-2691
-2102
-1915
-2524
-3718
-4890
-6247
-7754
-9002
-9681
-9764
-9311
-8354
-7096
-5621
-4442
-3758
-3150
-2777
-2906
-3431
-4499
-5793
-7010
-8035
-8625
-8722
-8555
-8122
-7183
-6235
-5519
-4757
-4013
-3447
-3316
-3875
-4616
-5195
-5847
-6468
-6936
-7333
-7490
-7236
-6669
-6133
-5675
-5214
-4932
-4817
-4801
-4901
-5340
-5919
-6345
-6765
-6945
-6973
-6994
-6732
-6353
-6036
-5762
-5475
-5375
-5305
-5439
-5937
-6320
-6602
-6912
-7168
-7319
-7044
-6626
-6285
-6064
-5840
-5780
-5670
-5455
-5265
-5383
-5655
-5966
-6258
-6970
-8042
-9075
-9881
-10593
-11200
-11491
-11389
-10992
-10396
-9577
-8577
-7510
-6526
-5815
-5597
-5937
-6359
-7123
-8094
-8839
-9352
-9671
-9883
-9831
-9271
-8368
-7266
-6083
-5144
-4419
-3907
-3624
-3676
-3862
-4372
-4994
-5523
-5820
-5977
-6022
-5748
-5230
-4441
-3702
-2916
-2277
-1982
-1690
-1381
-1200
-1114
-1099
-1092
-1267
-1333
-1315
-1032
-753
-511
-232
92
399
734
979
1129
996
989
1062
1102
1014
842
813
774
622
572
567
460
357
242
99
-166
-319
-329
-429
-633
-660
-569
-532
-418
-212
4
92
109
163
152
-54
-461
-1014
-1517
-1591
-1116
-170
1276
2841
4170
4895
5036
4772
3936
2669
1195
-60
-1233
-2442
-3145
-3169
-2377
-1192
162
1557
2633
3183
3279
2988
2131
1002
-368
-1826
-3052
-3968
-4272
-3981
-3301
-2201
-980
112
989
1603
1773
1596
1160
397
-790
-1957
-2837
-3617
-3995
-3927
-3548
-2808
-2039
-1204
-405
71
168
180
-109
-755
-1667
-2535
-3183
-3611
-3779
-3970
-4082
-3807
-3300
-2706
-2266
-1780
-1423
-1380
-1553
-1927
-2367
-2772
-3088
-3360
-3434
-3293
-3178
-3049
-2753
-2350
-2007
-1826
-1744
-1878
-2038
-2261
-2461
-2768
-3026
-3167
-3196
-3106
-2945
-2622
-2324
-2209
-2140
-1941
-1931
-1899
-1879
-2172
-2631
-3216
-3934
-4836
-5682
-6560
-7373
-7919
-7909
-7673
-7164
-6494
-5602
-4601
-3775
-3247
-2710
-2535
-3256
-4023
-4701
-5607
-6587
-7174
-7255
-7173
-6891
-6235
-5394
-4460
-3691
-2958
-2236
-1952
-1951
-2384
-2888
-3354
-3814
-4203
-4567
-4705
-4323
-3857
-3378
-2847
-2265
-1531
-1107
-786
-559
-386
-332
-493
-631
-756
-751
-696
-589
-469
-125
147
391
777
1145
1429
1597
1593
1665
1607
1446
1168
1033
1123
1280
1356
1323
1181
954
912
866
743
532
239
119
7
-191
-389
-443
-328
-286
-408
-326
-263
-241
-132
-84
-276
-879
-1531
-2011
-2181
-1966
-1234
21
1472
2908
3950
4460
4359
3573
2252
879
-531
-1960
-3194
-3915
-4041
-3641
-2724
-1655
-403
791
1716
2178
1996
1323
164
-1232
-2611
-4034
-5002
-5559
-5700
-5256
-4426
-3227
-1866
-982
-326
292
274
-255
-1039
-2119
-3214
-4296
-5142
-5651
-5848
-5493
-4912
-4092
-3170
-2359
-1746
-1262
-1067
-1381
-2028
-2816
-3591
-4369
-5138
-5611
-5872
-5868
-5554
-4994
-4461
-4079
-3726
-3411
-3275
-3382
-3627
-3885
-4290
-4690
-4938
-5200
-5182
-5053
-4721
-4394
-4151
-3800
-3534
-3572
-3712
-3871
-3969
-4149
-4439
-4703
-4816
-4890
-4866
-4752
-4604
-4263
-4121
-4144
-4040
-3819
-3629
-3678
-3918
-4107
-4488
-5377
-6464
-7426
-8215
-8975
-9592
-9997
-9957
-9575
-8791
-7792
-6842
-5741
-5000
-4763
-4737
-4910
-5349
-6167
-7169
-8002
-8508
-8811
-8941
-8678
-7928
-7062
-6179
-5176
-4312
-3680
-3262
-3202
-3420
-3773
-4263
-4877
-5379
-5775
-6006
-6010
-5736
-5018
-4198
-3356
-2673
-2344
-1942
-1567
-1318
-1050
-1177
-1505
-1685
-1732
-1700
-1658
-1578
-1217
-706
-190
267
586
808
925
863
725
808
813
632
462
309
283
429
482
448
560
638
399
113
-131
-320
-366
-410
-653
-839
-741
-600
-572
-460
-339
-155
-152
-210
-338
-322
-447
-1107
-1937
-2562
-2748
-2559
-1589
-215
1175
2261
3075
3235
2720
1894
770
-492
-1668
-2576
-3241
-3475
-3209
-2361
-1293
-13
1086
1869
2230
2085
1641
860
-301
-1542
-2761
-3639
-4177
-4096
-3659
-2850
-1619
-400
589
1269
1535
1452
980
410
-341
-1311
-2368
-3101
-3546
-3578
-3151
-2452
-1775
-901
17
647
1025
1243
948
348
-317
-1141
-2057
-2792
-3141
-3165
-3190
-2877
-2461
-1789
-1123
-752
-385
-160
-315
-602
-1146
-1691
-2197
-2633
-2923
-3135
-2969
-2812
-2684
-2432
-1989
-1715
-1823
-1900
-1874
-1889
-2193
-2609
-2914
-2892
-2856
-2891
-2726
-2570
-2426
-2308
-2196
-2105
-2139
-2078
-1982
-2068
-2213
-2494
-3090
-4022
-5012
-5914
-6555
-7090
-7581
-7797
-7492
-6790
-5924
-4948
-3877
-3057
-2568
-2434
-2573
-2853
-3409
-4273
-5146
-5881
-6388
-6582
-6424
-5938
-5064
-4034
-2980
-2024
-1443
-952
-695
-815
-1167
-1528
-1963
-2547
-2939
-2988
-2788
-2205
-1774
-1294
-770
-209
531
924
1094
1227
1306
1395
1474
1496
1148
953
986
1055
1416
1873
2181
2392
2618
2755
2890
3046
3111
3098
3113
3092
2890
2562
2462
2522
2403
2295
2215
2176
2182
2116
1875
1747
1725
1425
1131
1102
1046
1002
1042
1112
1196
1237
1360
1513
1619
1572
1270
917
676
660
820
1523
2781
4396
5731
6659
7152
7098
6505
5282
3695
1997
192
-1522
-2667
-3322
-3160
-2258
-758
902
2618
4096
4910
5166
4829
3974
2657
1049
-708
-2324
-3503
-4120
-4074
-3430
-2370
-1066
135
1364
2086
2262
2250
1887
990
-299
-1725
-2991
-3860
-4446
-4616
-4193
-3519
-2630
-1631
-819
-47
581
548
191
-342
-937
-1805
-2788
-3503
-3920
-4112
-4190
-4145
-3810
-3284
-2710
-2313
-2195
-2108
-2127
-2506
-2960
-3100
-3089
-3172
-3171
-3172
-2914
-2572
-2234
-1990
-1745
-1553
-1415
-1408
-1587
-1795
-2075
-2411
-2700
-2642
-2544
-2341
-2220
-1955
-1616
-1380
-1328
-1346
-1241
-1234
-1391
-1733
-2145
-2675
-3315
-4199
-5202
-6134
-6936
-7391
-7381
-6995
-6375
-5689
-4921
-3983
-3277
-2670
-2255
-2356
-2804
-3439
-4232
-5211
-6267
-6923
-7140
-7034
-6671
-6011
-5253
-4327
-3431
-2660
-2356
-2077
-1989
-2255
-2739
-3273
-3745
-4323
-4796
-5019
-4921
-4507
-3969
-3249
-2448
-1748
-1234
-743
-337
-186
-240
-472
-709
-796
-782
-731
-615
-463
-86
303
632
949
1151
1466
1696
1957
2040
1868
1765
1625
1572
1534
1534
1529
1507
1593
1438
1236
1167
1182
975
754
664
532
492
416
294
377
351
349
487
643
696
770
879
919
525
-437
-1294
-1833
-1983
-1354
-110
1198
2442
3303
3668
3656
3174
2274
880
-699
-2046
-3071
-3635
-3554
-3147
-2299
-816
788
1993
2843
3119
2770
2023
827
-495
-1697
-3028
-4089
-4747
-4838
-4219
-3296
-2269
-1199
0
1050
1589
1692
1379
609
-376
-1431
-2428
-3144
-3750
-3803
-3379
-2739
-1926
-1060
-219
488
932
1103
931
397
-303
-1163
-1845
-2472
-2843
-3112
-3247
-2942
-2311
-1632
-1115
-816
-563
-568
-649
-757
-977
-1201
-1656
-2160
-2289
-2216
-2108
-2055
-2033
-1763
-1527
-1373
-1257
-1354
-1653
-1907
-2006
-2182
-2623
-2895
-2888
-2837
-2605
-2432
-2272
-2208
-2011
-1737
-1791
-1797
-1804
-1948
-2308
-2777
-3486
-4541
-5470
-6134
-6722
-7320
-7648
-7601
-7219
-6652
-5876
-4720
-3677
-2991
-2576
-2375
-2562
-3104
-4045
-4742
-5206
-5705
-6202
-6425
-6077
-5343
-4401
-3478
-2585
-1699
-958
-515
-387
-496
-714
-1146
-1734
-2202
-2604
-2648
-2638
-2338
-1752
-1151
-343
354
1081
1604
1825
1936
1999
2034
1952
1694
1495
1578
1544
1592
1873
2075
2399
2859
3288
3665
3873
3880
3927
3887
3721
3389
3204
3185
3143
3213
3235
3173
3221
3047
2810
2568
2432
2394
2308
2183
2113
1904
1763
1738
1766
1813
1903
1956
2027
2044
2082
1970
1625
1129
648
279
311
953
2003
3359
4903
6005
6468
6432
6000
5192
3989
2719
1448
136
-873
-1176
-991
-245
951
2355
3589
4532
5099
5154
4593
3618
2474
1117
-227
-1296
-1827
-1976
-1701
-1024
75
1214
2302
2957
3252
3254
2976
2241
1394
524
-311
-1049
-1705
-2063
-1958
-1462
-759
-17
825
1556
2041
2187
1911
1505
764
-17
-726
-1371
-1856
-2237
-2242
-1912
-1495
-1206
-773
-381
-127
-58
-95
-92
-395
-912
-1336
-1732
-1966
-1969
-1883
-1678
-1323
-928
-541
-510
-701
-848
-853
-858
-910
-1059
-1501
-1845
-1714
-1610
-1499
-1250
-941
-716
-764
-749
-581
-443
-499
-628
-709
-1098
-1784
-2730
-3827
-4730
-5342
-5893
-6400
-6475
-6110
-5460
-4762
-3904
-3087
-2337
-1629
-1274
-1331
-1858
-2500
-3388
-4156
-4866
-5357
-5502
-5447
-4978
-4183
-3332
-2480
-1587
-880
-536
-320
-267
-685
-1293
-1799
-2263
-2682
-2964
-2953
-2745
-2182
-1475
-836
-290
423
1045
1177
1282
1308
1178
939
759
706
713
906
1292
1629
1877
2113
2482
2672
2787
3053
3232
3058
2865
2893
2921
2726
2671
2684
2680
2712
2714
2722
2731
2590
2436
2244
2003
1746
1464
1371
1365
1367
1347
1333
1407
1448
1575
1674
1677
1757
1761
1552
1248
570
26
-200
144
1167
2521
4010
5239
5980
6204
5916
5068
3824
2348
1044
-204
-1192
-1696
-1635
-1161
-55
1288
2634
3603
4123
4275
3972
3221
2065
739
-593
-1809
-2835
-3138
-2821
-2259
-1409
-282
712
1638
2312
2633
2508
2114
1277
103
-1060
-2109
-2710
-2926
-2888
-2526
-1795
-969
-197
667
1104
1307
1251
925
401
-289
-995
-1673
-2233
-2681
-3080
-2943
-2422
-1787
-1345
-1016
-716
-413
-266
-542
-970
-1350
-1726
-1921
-2138
-2212
-2207
-2038
-1719
-1420
-1095
-809
-669
-706
-697
-750
-917
-1252
-1713
-1800
-1758
-1894
-1867
-1700
-1478
-1396
-1225
-952
-857
-792
-811
-925
-1293
-1652
-2121
-2796
-3483
-4342
-5323
-6213
-6613
-6629
-6645
-6315
-5643
-4664
-3534
-2744
-2152
-1738
-1591
-1962
-2721
-3338
-4072
-4882
-5393
-5593
-5610
-5374
-4660
-3619
-2650
-1829
-1192
-785
-484
-596
-922
-1174
-1596
-1972
-2418
-2674
-2603
-2523
-2214
-1635
-893
-44
612
1241
1696
1961
2233
2227
1955
1709
1792
1939
1940
2002
2184
2291
2654
3224
3467
3610
3787
3999
4056
3912
3928
3873
3787
3843
3769
3621
3529
3556
3597
3577
3509
3442
3240
3088
2729
2483
2489
2490
2530
2541
2610
2677
2641
2641
2656
2660
2818
2907
2770
2272
1632
1096
832
1092
1948
3281
4633
5945
6791
7161
7014
6310
5172
3808
2374
1049
-91
-747
-850
-395
493
1710
3027
4220
4989
5224
5087
4523
3538
2406
1191
-51
-1120
-1759
-1860
-1420
-497
679
1884
2862
3407
3603
3666
3257
2547
1532
446
-435
-1283
-1776
-1816
-1380
-707
29
732
1423
2000
2442
2394
2236
1685
900
121
-508
-1057
-1553
-1709
-1625
-1408
-822
-214
21
386
760
797
592
456
343
-96
-490
-809
-947
-921
-729
-554
-352
-72
313
664
793
786
621
353
53
-278
-642
-783
-707
-600
-409
-125
21
48
146
314
402
555
609
565
196
-653
-1598
-2350
-3177
-3976
-4785
-5339
-5317
-5179
-5097
-4565
-3730
-2810
-1821
-1135
-781
-484
-454
-990
-1877
-2745
-3235
-3797
-4307
-4315
-4007
-3606
-2830
-2019
-1270
-512
303
772
769
529
185
-276
-879
-1482
-1872
-2019
-1910
-1596
-1051
-309
312
1030
1682
1921
2067
2087
1944
1640
1339
1033
930
1139
1488
1752
2149
2521
2666
2535
2175
1640
1081
574
214
162
330
824
1555
2383
3217
3696
3875
3790
3226
2389
1467
510
-311
-495
-244
211
1198
2484
3846
5038
5981
6412
6370
6099
5501
4628
3726
3076
2581
2316
2218
2421
3346
4843
6647
8237
9425
9989
9906
9261
7997
6402
4658
2883
1530
552
89
226
994
2103
3276
4341
5287
5785
5605
5039
4107
2783
1327
-31
-1230
-1948
-2244
-2310
-1833
-990
-19
940
1792
2333
2513
2545
2045
1204
31
-1096
-2229
-3086
-3507
-3598
-3426
-2866
-1956
-1056
-511
4
451
484
199
-316
-921
-1492
-2152
-2713
-3045
-3195
-3035
-2418
-1582
-875
-231
214
421
582
701
516
347
68
-64
-123
-150
51
463
858
1269
1686
1940
2045
2030
1841
1613
1327
1115
940
710
549
625
722
776
906
1015
1121
1115
1010
1083
1214
1160
964
740
274
-460
-1328
-2293
-3035
-3892
-4603
-4898
-5019
-4870
-4435
-3781
-2922
-2019
-1344
-1048
-1029
-1163
-1644
-2371
-3047
-3859
-4766
-5294
-5388
-5037
-4677
-4129
-3324
-2544
-1817
-1119
-618
-571
-809
-1079
-1452
-2124
-2845
-3452
-3927
-3933
-3540
-3122
-2620
-2022
-1469
-872
-322
67
322
394
263
-5
-425
-1054
-1625
-1925
-1914
-1455
-975
-468
312
1068
1643
1801
1828
1777
1360
729
-80
-835
-1194
-1212
-1094
-830
-386
125
520
851
1169
1079
530
-102
-730
-1415
-2150
-2769
-3168
-3041
-2648
-2398
-1972
-1244
-803
-719
-835
-1299
-2207
-3521
-4609
-5266
-5385
-4768
-3393
-1719
58
1482
2002
1675
906
-396
-2025
-3768
-5555
-6992
-7873
-8042
-7363
-5943
-4240
-2542
-1176
-139
349
326
-294
-1319
-2735
-4328
-5780
-6812
-7273
-6897
-5989
-4619
-3145
-1911
-890
50
741
764
392
-240
-1268
-2518
-3589
-4358
-4461
-4207
-3765
-3018
-1958
-701
262
946
1364
1456
1148
668
131
-490
-1313
-2037
-2356
-2449
-2256
-1855
-1248
-746
-153
404
731
944
779
371
-94
-565
-947
-1220
-1354
-1238
-937
-660
-292
-56
247
429
447
529
359
9
-280
-601
-634
-594
-677
-740
-575
-173
176
323
518
655
833
982
964
780
493
171
-400
-1092
-1859
-2647
-3213
-3668
-3812
-3518
-2894
-2114
-1092
-32
833
1327
1749
2017
1961
1619
949
113
-505
-881
-983
-732
-389
191
1062
2147
3091
3799
4265
4398
4231
3886
3317
2855
2295
1861
1594
1490
1544
1762
2324
2838
3438
3895
4229
4432
4325
4069
3853
3632
3350
2970
2768
2838
2829
2880
3226
3468
3722
3807
3941
4029
3957
3826
3762
3640
3323
3076
2838
2823
2888
2865
2887
2987
2991
2755
2695
2655
2458
2064
1672
1575
1470
1542
1466
1346
1321
1550
1829
1996
1979
2013
2223
2108
1518
817
182
-231
-467
-95
993
2459
3956
5124
5681
5564
4926
4043
3181
2048
1028
335
-154
-212
316
1292
2563
3764
4766
5389
5497
5188
4721
3940
2821
1533
239
-420
-590
-370
308
1211
2206
3323
4287
4794
5006
4930
4556
3772
2887
1875
994
333
29
48
371
1037
1902
2701
3360
3841
4178
4326
3932
3370
2608
1906
1310
817
459
199
325
907
1455
1832
2208
2565
2728
2872
2755
2311
1807
1474
977
598
437
491
734
771
877
1185
1427
1621
1839
2007
1871
1517
1265
1038
871
813
824
1060
1295
1381
1436
1490
1627
1839
1986
2133
2109
1961
1888
1514
721
-86
-978
-1786
-2464
-2919
-3024
-2921
-2597
-1959
-1283
-451
464
1109
1553
1841
1718
1189
449
-274
-707
-1192
-1622
-1694
-1325
-603
206
930
1652
2442
3036
3181
3022
2691
2388
1905
1223
592
100
-340
-521
-271
260
802
1267
1809
2187
2280
2308
2159
1895
1572
1248
955
634
379
143
264
596
915
1169
1314
1559
1470
1556
1648
1387
1199
932
661
637
614
597
564
418
462
452
367
215
5
-203
-436
-520
-546
-845
-1132
-1150
-1204
-1289
-1232
-1129
-989
-809
-605
-636
-752
-1082
-1516
-1853
-1890
-1412
-327
1080
2563
4004
5135
5619
5297
4307
2928
1264
-672
-2407
-3835
-4623
-4898
-4559
-3450
-1795
-128
1624
3150
3931
3984
3343
2198
811
-851
-2579
-4080
-4949
-5274
-5071
-4262
-3106
-1918
-616
483
1267
1547
1193
533
-366
-1544
-2815
-3896
-4683
-5071
-5042
-4540
-3607
-2559
-1578
-649
-50
75
92
-235
-790
-1469
-2234
-2861
-3394
-3749
-3977
-3773
-3492
-3190
-2632
-1954
-1447
-1470
-1518
-1607
-1798
-1933
-1958
-2047
-2141
-2054
-1956
-1638
-1314
-932
-376
-16
99
154
-22
-255
-381
-466
-573
-731
-735
-701
-470
-95
270
552
845
1054
1063
1084
1043
908
705
332
-348
-1227
-2065
-2833
-3543
-4130
-4330
-4254
-3884
-3170
-2264
-1356
-670
-45
575
946
870
403
-250
-1004
-1539
-2100
-2619
-2905
-2692
-2177
-1640
-907
-71
833
1515
1927
1994
1857
1562
779
-66
-653
-1220
-1593
-1730
-1505
-1134
-688
-279
343
754
1013
1372
1468
1291
947
669
524
242
-231
-337
-158
80
351
670
1105
1477
1732
1791
1712
1624
1509
1273
1202
1389
1432
1411
1269
1080
1030
981
933
1061
1099
957
818
631
375
18
-66
-47
30
13
22
242
310
410
538
636
732
506
109
-329
-679
-662
-304
