-5170
-4716
-4205
-3826
-3774
-3920
-4065
-4123
-4215
-4245
-4526
-4820
-4875
-4651
-4413
-4214
-3967
-3706
-3460
-3314
-3071
-2906
-3026
-3138
-3300
-3574
-4046
-5040
-6105
-6969
-7835
-8361
-8469
-8363
-7970
-7465
-6659
-5735
-4878
-4084
-3565
-3313
-3248
-3666
-4284
-4971
-5689
-6441
-7060
-7151
-6903
-6199
-5263
-4405
-3614
-2817
-2165
-1859
-1860
-2111
-2576
-3205
-3894
-4468
-4976
-5377
-5601
-5285
-4590
-4039
-3552
-3062
-2719
-2545
-2596
-2956
-3525
-4224
-4961
-5348
-5474
-5102
-4385
-3265
-2078
-1314
-1044
-1557
-2815
-4270
-5905
-7862
-9803
-11259
-11659
-11452
-10699
-9198
-7400
-6021
-4917
-4379
-4481
-5244
-6748
-8641
-10511
-12008
-12944
-12969
-12019
-10351
-7890
-5374
-3039
-919
740
1646
1699
831
-518
-1836
-3388
-5115
-6533
-6886
-6292
-4860
-2437
491
3078
5127
6431
6546
5678
4229
2333
132
-2226
-4179
-5455
-6142
-5890
-4911
-3293
-1467
6
832
945
397
-758
-2416
-4209
-6147
-8076
-9634
-10329
-10315
-9565
-8152
-6414
-4887
-3845
-3430
-3199
-3361
-4245
-5684
-7457
-8967
-10507
-11780
-12157
-12001
-11295
-10163
-8778
-7527
-6513
-5546
-4800
-4526
-4954
-5903
-7110
-8435
-9699
-10597
-11095
-11450
-11304
-10864
-9834
-8446
-7045
-5772
-4838
-4082
-3580
-3508
-3536
-3668
-3775
-3920
-3912
-3618
-3381
-2988
-2374
-1845
-1470
-1082
-644
-478
-567
-774
-965
-1267
-1537
-1789
-1859
-1837
-1820
-2017
-2095
-2031
-2143
-2465
-2822
-2853
-2978
-3203
-3351
-3573
-3850
-4352
-4937
-5416
-6021
-6652
-6941
-6908
-6744
-6406
-5820
-5009
-4290
-3746
-3329
-3130
-3399
-4035
-4720
-5632
-6501
-7233
-7748
-8197
-8498
-8142
-7583
-6967
-6115
-5217
-4462
-4023
-3762
-3667
-3801
-4306
-4766
-5288
-5668
-5653
-5231
-4627
-4005
-3248
-2321
-1226
-234
371
758
1296
1732
1879
1843
1768
1493
758
-291
-1281
-2335
-3540
-4354
-4345
-3394
-1716
161
1963
3553
4693
5194
5086
4195
2786
945
-1047
-2665
-3813
-4230
-3548
-2015
-57
1875
3699
5115
5990
6211
5601
4465
3020
1418
-82
-1179
-1680
-1407
-369
1454
3351
4963
6301
7059
7075
6750
6370
6098
6090
6176
6259
6472
6655
6646
6345
5730
5002
4126
2939
1612
608
-67
-368
-84
528
1528
2612
3437
4081
4456
4492
4076
3213
1998
759
-322
-1199
-1687
-1898
-1696
-1289
-738
-14
781
1512
1721
1444
1001
300
-573
-1489
-2317
-2943
-3526
-3929
-4015
-3967
-3833
-3674
-3541
-3543
-3569
-3503
-3265
-3481
-4080
-4483
-4593
-4602
-4466
-4276
-3964
-3665
-3465
-3346
-3216
-3098
-3083
-3250
-3464
-3701
-3872
-3917
-3863
-4005
-3999
-3628
-2998
-2535
-2017
-1469
-1016
-925
-937
-1013
-1179
-1578
-2056
-2405
-2632
-2962
-3322
-3426
-3365
-3182
-2974
-2467
-2124
-2032
-1865
-1694
-1783
-2303
-2971
-3790
-4947
-6443
-7774
-8906
-9674
-10095
-10363
-10266
-9596
-8692
-7742
-6814
-5875
-5045
-4747
-4901
-5603
-6508
-7493
-8413
-9192
-9887
-10239
-10071
-9701
-9205
-8444
-7568
-6687
-6247
-6046
-5876
-5969
-6290
-6751
-7341
-7858
-8107
-8208
-8200
-7979
-7593
-7238
-6875
-6103
-5046
-4341
-3924
-3686
-3522
-3364
-3288
-3155
-2975
-2764
-2669
-2520
-2244
-1769
-1226
-956
-800
-688
-679
-831
-1030
-1106
-1245
-1348
-1399
-1441
-1392
-1478
-1526
-1485
-1409
-1462
-1555
-1629
-1867
-2192
-2520
-2770
-2846
-3060
-3309
-3351
-3302
-3150
-2959
-2701
-2579
-2630
-2545
-2329
-2402
-2955
-3874
-4550
-4651
-4210
-3168
-1969
-690
339
739
714
-8
-1202
-2724
-4339
-5816
-7051
-8022
-8335
-7926
-7075
-5852
-4304
-2920
-2109
-1631
-1561
-2023
-3139
-4509
-5911
-7244
-8298
-8979
-9048
-8642
-7712
-6568
-5397
-4141
-3264
-2726
-2683
-2872
-3306
-4299
-5675
-7093
-8105
-8622
-8749
-8240
-7535
-6874
-5942
-4881
-3977
-3518
-3405
-3370
-3627
-4363
-5232
-5908
-6361
-6753
-6912
-6856
-6572
-6205
-5878
-5336
-4846
-4635
-4491
-4406
-4688
-5184
-5656
-5916
-6166
-6355
-6429
-6575
-6700
-6486
-6197
-5880
-5567
-5298
-5178
-5585
-6127
-6327
-6493
-6571
-6651
-6544
-6424
-6352
-6216
-5872
-5555
-5408
-5230
-4937
-4831
-4798
-4955
-5291
-5876
-6509
-7209
-8208
-9196
-9923
-10615
-10954
-10762
-10261
-9788
-8952
-8013
-7004
-6154
-5764
-5669
-5630
-5804
-6476
-7348
-8041
-8647
-9261
-9518
-9147
-8320
-7433
-6633
-5709
-4861
-4146
-3601
-3275
-3203
-3532
-4112
-4662
-5087
-5443
-5642
-5574
-5340
-4973
-4343
-3560
-2846
-2257
-1697
-1296
-1095
-1011
-1139
-1193
-1143
-1132
-1246
-1211
-974
-712
-395
-55
425
666
921
1092
1347
1451
1277
1125
1057
1034
978
935
1000
1079
984
951
965
905
781
457
220
243
63
-138
-251
-310
-315
-241
-120
102
208
373
467
603
654
263
-382
-1056
-1502
-1737
-1380
-467
911
2532
3800
4695
4966
4544
3707
2588
1185
-141
-1359
-2313
-2741
-2644
-2217
-1192
207
1593
2548
3117
3340
3096
2309
1144
-234
-1473
-2409
-3297
-3675
-3362
-2771
-1769
-574
586
1525
2042
2156
1839
1097
149
-967
-1969
-2869
-3693
-4065
-3763
-3232
-2651
-1834
-927
-164
236
464
376
-62
-683
-1354
-2027
-2814
-3416
-3767
-3751
-3520
-3163
-2794
-2367
-1988
-1601
-1346
-1434
-1591
-1720
-2305
-2850
-3102
-3147
-3196
-3255
-3170
-2972
-2742
-2358
-2012
-1849
-1632
-1715
-1970
-2216
-2447
-2677
-3020
-3043
-2856
-2793
-2757
-2536
-2285
-2080
-1979
-1840
-1640
-1607
-1564
-1673
-2064
-2746
-3715
-4636
-5475
-6320
-6967
-7477
-7711
-7382
-6943
-6308
-5594
-4772
-3902
-3156
-2803
-2858
-3165
-3718
-4605
-5646
-6316
-6720
-6904
-6943
-6725
-6185
-5360
-4479
-3603
-2828
-2119
-1799
-1959
-2267
-2632
-3032
-3590
-3941
-4051
-4252
-4237
-4082
-3463
-2735
-2012
-1284
-772
-416
-267
-250
-398
-465
-549
-844
-920
-743
-477
-254
-8
438
864
1201
1339
1530
1909
1950
1933
1927
1749
1577
1589
1603
1553
1365
1352
1393
1495
1632
1434
1074
664
489
520
349
209
71
1
-30
23
176
291
292
354
474
399
128
-197
-726
-1432
-1983
-2053
-1238
63
1461
2813
3778
4397
4183
3339
2246
955
-337
-1730
-2962
-3532
-3774
-3488
-2618
-1355
2
1255
2032
2391
2156
1454
451
-928
-2351
-3529
-4629
-5245
-5123
-4736
-3964
-2548
-1269
-448
119
493
473
-2
-841
-1781
-2767
-3891
-4806
-5201
-5312
-4993
-4232
-3485
-2847
-2010
-1299
-1059
-963
-1211
-1802
-2581
-3413
-4179
-4787
-5291
-5613
-5588
-5103
-4544
-3957
-3510
-3242
-3022
-2994
-3039
-3371
-3915
-4461
-4813
-4900
-5071
-5304
-5008
-4709
-4356
-3983
-3752
-3586
-3500
-3311
-3419
-3734
-4130
-4280
-4329
-4565
-4696
-4758
-4535
-4247
-4006
-3888
-3808
-3622
-3484
-3612
-3622
-3560
-3743
-4317
-5116
-5977
-6906
-7663
-8498
-9146
-9323
-9201
-8844
-8053
-7262
-6375
-5343
-4551
-4194
-4152
-4368
-4851
-5545
-6320
-7078
-7808
-8212
-8341
-8271
-7615
-6631
-5676
-4690
-3852
-3344
-2943
-2743
-2818
-3260
-3809
-4384
-4880
-5093
-5128
-5129
-4851
-4339
-3644
-2878
-2139
-1409
-1048
-821
-756
-771
-817
-1037
-1299
-1283
-1160
-1117
-1020
-690
-327
175
675
990
1127
1204
1317
1285
1217
1271
1389
1373
1369
1387
1320
1336
1193
1227
1241
1255
1127
942
805
642
286
49
-7
119
393
536
603
627
623
571
369
392
297
-135
-945
-2027
-2916
-3330
-3361
-2811
-1810
-484
664
1516
1744
1369
791
95
-627
-1395
-1982
-2354
-2527
-2303
-1568
-581
458
1286
1735
1988
1876
1430
561
-552
-1625
-2509
-3180
-3466
-3221
-2541
-1486
-435
565
1388
1811
2061
2091
1769
1335
641
-345
-1345
-2360
-2714
-2358
-1852
-1227
-468
438
1224
1735
2061
2187
1845
1328
810
243
-516
-1215
-1674
-1747
-1494
-1308
-915
-352
370
1035
1298
1294
1159
682
187
-566
-1484
-1900
-2142
-2328
-2574
-2572
-2439
-2207
-1907
-1767
-1913
-1908
-1918
-2167
-2487
-2700
-2869
-2940
-2999
-3179
-3242
-3248
-3256
-3150
-2849
-2541
-2475
-2525
-2505
-2518
-2680
-3103
-3757
-4582
-5407
-6274
-7091
-7599
-7972
-8198
-7939
-7313
-6431
-5407
-4611
-3990
-3349
-3036
-3015
-3460
-4080
-4766
-5502
-6148
-6819
-6991
-6716
-6106
-5250
-4134
-3098
-2265
-1557
-1006
-783
-736
-903
-1359
-1745
-2201
-2563
-2639
-2479
-2075
-1670
-1147
-583
49
581
1158
1520
1735
1763
1508
1417
1265
1084
1079
1077
1101
1424
1633
1950
2311
2507
2772
3113
3187
2955
2914
2874
2779
2589
2279
2137
2010
1959
2048
2120
2055
1846
1668
1495
1214
1146
1258
1068
736
633
666
743
928
1046
1170
1144
995
978
999
835
588
611
866
1571
2747
4132
5595
6916
7812
8112
7858
6831
5273
3263
935
-1243
-3145
-4394
-4734
-4023
-2617
-831
1254
3228
4768
5775
6123
5829
4726
3227
1321
-695
-2488
-3773
-4218
-4018
-3498
-2304
-827
590
1701
2329
2578
2420
1649
464
-917
-2548
-3741
-4671
-5344
-5365
-5024
-4319
-3401
-2369
-1217
-390
12
140
-188
-738
-1528
-2350
-3252
-4294
-5142
-5449
-5291
-5077
-4833
-4404
-3995
-3771
-3631
-3508
-3504
-3659
-3844
-3797
-3960
-4060
-3972
-3717
-3366
-2967
-2520
-2068
-1737
-1772
-1762
-1728
-1726
-1945
-2207
-2346
-2496
-2529
-2543
-2298
-1805
-1301
-990
-808
-637
-433
-335
-288
-323
-587
-1042
-1702
-2507
-3337
-4202
-5104
-5810
-6219
-6144
-5672
-5256
-4566
-3701
-2903
-2182
-1539
-1228
-1197
-1600
-2201
-3175
-4225
-5101
-5739
-6099
-6162
-5980
-5409
-4661
-3740
-2856
-2188
-1822
-1630
-1708
-1992
-2509
-3092
-3761
-4412
-4863
-4941
-4685
-4320
-3860
-3234
-2504
-1847
-1371
-956
-713
-506
-452
-589
-921
-1124
-1178
-1132
-866
-516
-261
-61
355
891
1341
1608
1770
1860
1858
1810
1687
1609
1522
1729
1722
1719
1723
1756
1924
1975
1767
1785
1793
1571
1238
1069
1072
987
1000
1113
1153
1143
1182
1356
1478
1524
1469
1393
1066
330
-595
-1301
-1578
-1236
-515
402
1395
2167
2767
2838
2228
1287
95
-1109
-2122
-3013
-3613
-3701
-3218
-1982
-454
1078
2291
3116
3349
2831
2090
1045
-367
-1994
-3436
-4565
-5120
-4913
-4092
-3047
-1890
-649
462
1271
1749
1896
1619
877
-223
-1111
-1994
-2759
-3119
-2936
-2416
-1741
-876
88
824
1611
2065
2005
1672
1203
538
-216
-970
-1600
-1975
-2160
-2060
-1704
-1262
-433
230
570
798
869
929
722
179
-218
-346
-627
-1043
-1247
-1248
-1144
-986
-737
-504
-501
-645
-855
-928
-1117
-1602
-2062
-2361
-2495
-2462
-2360
-2156
-1983
-1939
-1894
-1919
-1797
-1640
-1648
-1691
-1871
-2084
-2533
-3147
-3920
-4985
-5984
-6734
-7311
-7643
-7540
-7031
-6363
-5669
-4817
-3915
-3217
-2736
-2588
-2752
-3208
-3964
-4792
-5451
-6061
-6352
-6299
-5994
-5287
-4432
-3347
-2264
-1436
-753
-179
12
-246
-719
-1224
-1722
-2179
-2519
-2487
-2074
-1375
-770
-399
149
1058
1768
2238
2485
2723
2736
2672
2456
2383
2417
2462
2442
2555
2820
3288
3560
3919
4169
4256
4372
4467
4502
4341
4195
4230
4293
4231
3859
3640
3767
3959
3823
3613
3644
3656
3417
3092
2819
2776
2685
2424
2286
2282
2374
2476
2564
2570
2486
2457
2517
2581
2209
1493
819
395
447
1020
2053
3389
4791
5861
6397
6428
5974
5175
3913
2482
1240
154
-521
-753
-605
161
1500
2905
4059
4833
5367
5478
5137
4264
3073
1749
460
-650
-1119
-1046
-707
-131
831
1860
2854
3510
3885
4127
3855
3112
2278
1272
63
-932
-1497
-1431
-1128
-697
17
882
1717
2313
2591
2773
2710
2200
1530
824
-11
-835
-1322
-1576
-1724
-1519
-1179
-723
-194
185
490
563
391
46
-313
-641
-1234
-1651
-1972
-2007
-1656
-1244
-1077
-1006
-759
-561
-403
-393
-489
-505
-774
-1132
-1375
-1478
-1496
-1434
-1271
-1202
-957
-724
-702
-542
-387
-208
-117
-235
-376
-793
-1327
-2081
-2923
-3812
-4714
-5366
-5841
-5847
-5557
-4955
-4070
-3174
-2583
-1986
-1302
-935
-925
-1301
-1915
-2714
-3580
-4297
-4725
-4932
-4689
-4286
-3720
-2969
-2031
-1131
-478
-147
12
-104
-531
-1059
-1643
-2073
-2406
-2576
-2465
-2295
-1960
-1448
-653
25
563
992
1271
1443
1462
1330
1050
898
937
969
1001
1078
1267
1579
2016
2536
2866
2972
3117
3167
3033
2914
2729
2638
2572
2632
2614
2551
2599
2741
2915
2949
2689
2598
2409
2166
1956
1752
1583
1593
1724
1748
1752
1909
1994
1948
1992
2149
2206
1989
1627
1181
621
197
149
477
1211
2444
3836
5044
5970
6330
5940
4962
3841
2624
1343
-80
-1141
-1682
-1635
-1100
-56
1273
2521
3488
4128
4120
3709
2941
1940
854
-531
-1827
-2600
-2887
-2742
-2235
-1434
-174
962
1820
2345
2492
2475
1929
1000
-158
-1427
-2377
-2932
-3142
-2967
-2524
-1854
-945
-65
736
1228
1401
1329
890
278
-523
-1375
-1976
-2419
-2810
-2881
-2676
-2272
-1613
-1035
-600
-335
-290
-385
-453
-607
-824
-1247
-1768
-2096
-2228
-2124
-1913
-1583
-1187
-794
-558
-308
-134
-265
-711
-1003
-1139
-1288
-1291
-1338
-1480
-1541
-1479
-1229
-985
-903
-876
-630
-373
-365
-472
-555
-707
-1237
-2075
-3082
-4039
-4958
-5653
-5920
-5986
-5797
-5395
-4731
-3853
-2928
-2089
-1535
-1255
-1338
-1654
-2119
-2692
-3518
-4290
-4849
-5067
-5085
-4860
-4201
-3440
-2540
-1591
-894
-367
-15
-59
-355
-847
-1342
-1731
-2041
-2071
-2038
-2003
-1820
-1319
-565
189
810
1400
1923
2149
2317
2202
2094
2123
2036
1855
1675
1698
1963
2305
2759
3187
3504
3743
3774
3829
4033
4117
3946
3765
3571
3557
3507
3483
3596
3603
3554
3719
3658
3482
3339
3025
2776
2763
2586
2474
2555
2702
2725
2632
2703
2795
2835
2873
2939
2879
2635
2103
1361
860
747
819
1480
2643
4092
5384
6213
6764
6734
5930
4814
3525
2294
966
-281
-808
-822
-355
426
1679
3010
4046
4890
5186
4890
4282
3500
2368
972
-357
-1230
-1665
-1692
-1275
-345
579
1579
2508
3173
3528
3462
3183
2490
1482
353
-629
-1404
-1748
-1616
-1271
-596
283
1220
1898
2305
2597
2712
2455
1878
1215
459
-219
-790
-1158
-1215
-1214
-1100
-657
-65
577
965
1170
1160
898
633
219
-201
-438
-686
-974
-1128
-988
-538
-126
188
462
698
811
813
693
415
-12
-243
-342
-463
-575
-498
-287
-224
-32
203
596
597
669
676
522
545
424
-136
-804
-1497
-2332
-3237
-4067
-4553
-4718
-4644
-4328
-3875
-3072
-2213
-1422
-646
-121
93
-143
-660
-1371
-2101
-2874
-3549
-3944
-3875
-3384
-2855
-2206
-1399
-710
51
611
861
948
828
629
187
-247
-776
-1232
-1435
-1292
-855
-333
135
736
1418
2001
2335
2441
2442
2248
1936
1676
1543
1534
1653
1966
2448
2839
3039
3031
2914
2558
2087
1476
948
669
644
916
1428
2154
2985
3727
4184
4253
3985
3582
2892
1955
1301
757
370
493
1181
2123
3315
4522
5595
6432
6957
7082
6804
6105
5142
4423
3850
3352
2718
2506
3038
3985
5394
7178
8781
9865
10366
10240
9546
8310
6596
4851
3291
1979
1090
732
930
1642
2762
3995
5138
5860
6052
5997
5468
4302
2925
1518
358
-575
-1326
-1688
-1530
-880
5
902
1733
2473
2912
2861
2513
1961
1158
140
-884
-1647
-2346
-2842
-2815
-2594
-2162
-1397
-468
286
882
1172
1126
901
521
-313
-1055
-1946
-2554
-2677
-2605
-2301
-1776
-1136
-369
459
963
1280
1384
1259
1021
758
467
209
57
169
393
571
927
1394
1927
2164
2223
2270
2255
2099
1784
1529
1312
1007
804
734
712
828
1095
1319
1533
1514
1344
1209
1141
1178
1195
966
582
37
-785
-1607
-2463
-3485
-4278
-4515
-4615
-4562
-4153
-3610
-2733
-1924
-1309
-817
-690
-797
-1257
-1951
-2744
-3549
-4171
-4698
-5063
-5041
-4640
-4074
-3294
-2514
-1839
-1132
-667
-711
-987
-1464
-1839
-2402
-3016
-3603
-4089
-4159
-3884
-3537
-2980
-2276
-1498
-873
-446
-183
-112
-125
-277
-696
-1110
-1623
-2064
-2196
-2161
-1877
-1366
-729
-82
661
1272
1545
1595
1448
851
28
-535
-854
-1188
-1463
-1322
-889
-504
-2
496
885
996
887
576
-74
-725
-1465
-2230
-2816
-3241
-3313
-3061
-2500
-2007
-1714
-1474
-1236
-1282
-1655
-2447
-3694
-4845
-5517
-5421
-4804
-3820
-2224
-483
889
1533
1343
469
-805
-2382
-4179
-5863
-7315
-8115
-8225
-7682
-6532
-4739
-2862
-1427
-527
-177
-290
-824
-1881
-3318
-4820
-6220
-7105
-7496
-7270
-6245
-4899
-3581
-2065
-805
-236
39
158
-214
-1068
-1963
-2892
-3873
-4590
-4970
-4899
-4238
-3221
-2095
-1164
-341
464
882
821
598
203
-350
-1077
-1739
-2186
-2436
-2729
-2585
-2060
-1408
-693
-227
264
337
308
216
-34
-313
-800
-1322
-1442
-1410
-1427
-1368
-1147
-733
-194
220
394
382
141
68
-139
-567
-841
-1015
-1085
-1060
-974
-751
-261
80
278
486
592
648
819
846
760
495
-2
-658
-1409
-2081
-2858
-3387
-3591
-3598
-3403
-2758
-2001
-1161
-252
661
1336
1792
1964
1717
1382
928
334
-259
-709
-929
-949
-505
274
986
1880
2745
3405
3765
3738
3729
3577
3178
2563
2036
1815
1593
1282
1382
1792
2248
2771
3246
3642
4047
4138
4064
3750
3615
3407
3078
2890
2665
2496
2433
2576
2813
3081
3267
3600
3846
3839
3790
3749
3520
3244
3006
2852
2928
3008
2920
2843
2913
3212
3340
3033
2743
2633
2411
2272
2082
1966
1849
1695
1615
1707
1895
1921
1952
2159
2150
2100
2147
1935
1604
1181
627
247
491
1269
2612
4097
5307
6225
6664
6574
6033
5000
3564
2196
1160
313
-301
-462
-61
893
2155
3544
4696
5474
5845
5643
5034
4081
2894
1809
711
-306
-875
-753
-162
670
1734
2806
3705
4414
4878
4736
4156
3304
2411
1561
709
-1
-440
-433
-41
463
1171
1982
2797
3431
3653
3708
3509
2959
2272
1394
584
133
-267
-455
-332
66
634
1085
1527
2025
2140
2025
2023
1817
1482
1216
876
641
239
188
493
790
1068
1454
1773
2043
2084
2078
2043
1863
1652
1451
1290
1292
1293
1259
1417
1717
1887
1995
2137
2355
2579
2697
2811
2701
2382
1899
1270
510
-284
-1084
-1629
-1953
-2227
-2286
-2036
-1443
-647
100
871
1618
2128
2150
2052
1659
914
213
-434
-1192
-1724
-1659
-1305
-819
-61
792
1607
2387
2800
2872
2719
2435
2047
1393
754
181
-212
-470
-534
-366
40
544
1008
1435
1817
1938
1901
1837
1600
1258
832
463
138
24
-3
173
483
875
1115
1246
1351
1459
1334
1280
1221
1064
927
725
497
462
565
608
685
554
494
594
555
258
-153
-386
-448
-550
-658
-716
-686
-755
-746
-631
-523
-507
-622
-603
-469
-604
-1095
-1755
-2379
-2891
-2873
-2286
-1238
154
1689
2989
3730
3895
3490
2460
974
-433
-1902
-3064
-3690
-4026
-3964
-3241
-2103
-653
788
1855
2267
2295
1862
843
-321
-1678
-2914
-3915
-4569
-4757
-4351
-3744
-2735
-1392
-235
589
990
1090
971
379
-578
-1764
-2879
-3842
-4444
-4499
-4043
-3337
-2623
-1720
-771
-61
361
520
282
-211
-691
-1586
-2341
-2859
-3313
-3646
-3725
-3341
-2599
-1951
-1519
-1078
-734
-664
-833
-1000
-1094
-1467
-2123
-2449
-2521
-2420
-2213
-1949
-1642
-1327
-1166
-838
-571
-596
-553
-584
-951
-1141
-1050
-1176
-1342
-1270
-1095
-834
-520
-335
-163
30
239
439
580
499
400
53
-566
-1320
-2158
-2971
-3811
-4361
-4654
-4762
-4446
-3899
-3171
-2328
-1528
-751
-40
371
316
-12
-498
-1201
-1849
-2454
-2962
-3256
-2977
-2410
-1618
-913
-173
576
1290
1693
1773
1531
1227
635
-61
-660
-1225
-1568
-1546
-1321
-989
-494
163
854
1339
1387
1395
1397
1275
1160
804
376
169
121
134
123
188
387
691
994
1187
1379
1559
1422
1404
1342
1283
1148
1050
850
799
774
783
935
930
889
752
530
427
448
357
127
-11
-126
-116
3
-14
-56
66
261
291
222
191
321
310
56
-236
-239
148
1004
